<?xml version="1.0" encoding="utf-8"?>
<record xmlns="http://www.loc.gov/MARC21/slim" xmlns:xsi="http://www.w3.org/2001/XMLSchema-instance" xsi:schemaLocation="http://www.loc.gov/MARC21/slim http://www.loc.gov/standards/marcxml/schema/MARC21slim.xsd">
	<leader>     nam a22        4500</leader>
	<controlfield tag="001">b12497733</controlfield>
	<controlfield tag="003">LeBAU</controlfield>
	<controlfield tag="006">m        d        </controlfield>
	<controlfield tag="007">cr cn |||m|||a</controlfield>
	<controlfield tag="008">180126s1943    iq      o     ||0 0 ara d</controlfield>
	<datafield ind1=" " ind2=" " tag="040">
		<subfield code="a">NNU</subfield>
		<subfield code="b">ara</subfield>
		<subfield code="e">rda</subfield>
		<subfield code="c">NNU</subfield>
	</datafield>
	<datafield ind1="0" ind2="4" tag="082">
		<subfield code="a">614.43</subfield>
		<subfield code="2">22</subfield>
	</datafield>
	<datafield ind1="1" ind2=" " tag="100">
		<subfield code="6">880-01</subfield>
		<subfield code="a">Shākir, Fā’iq,</subfield>
		<subfield code="e">author.</subfield>
	</datafield>
	<datafield ind1="1" ind2="0" tag="245">
		<subfield code="6">880-02</subfield>
		<subfield code="a">‘Ālam al-dhubāb /</subfield>
		<subfield code="c">ta’līf Amīr al-Liwā’ al-Duktūr Fā’iq Shākir, mudīr al-umūr al-ṭibbīyah lil-Jaysh al-‘Irāqī, Wizārat al-Difā‘, Baghdād.</subfield>
	</datafield>
	<datafield ind1=" " ind2="1" tag="264">
		<subfield code="6">880-03</subfield>
		<subfield code="a">Baghdād :</subfield>
		<subfield code="b">Maṭba‘at al-Jaysh,</subfield>
		<subfield code="c">1943.</subfield>
	</datafield>
	<datafield ind1=" " ind2=" " tag="300">
		<subfield code="6">880-04</subfield>
		<subfield code="a">online resource (a-d, 88 pages)</subfield>
	</datafield>
	<datafield ind1=" " ind2=" " tag="336">
		<subfield code="a">text</subfield>
		<subfield code="2">rdacontent</subfield>
	</datafield>
	<datafield ind1=" " ind2=" " tag="337">
		<subfield code="a">computer</subfield>
		<subfield code="2">rdamedia</subfield>
	</datafield>
	<datafield ind1=" " ind2=" " tag="338">
		<subfield code="a">online resource</subfield>
		<subfield code="2">rdacarrier</subfield>
	</datafield>
	<datafield ind1=" " ind2=" " tag="500">
		<subfield code="a">&quot;رسالة تتناول الشيء الكثير مما ورد ذكره في بطون الكتب المقدسة وعلى صفحات التاريخ والآداب العربية والإفرنجية من كلام عن الذباب. وجمعت الرسالة بين دفتيها الآراء العصرية القائمة على أسس عملية محضة، كما أنها ضمت بين ضلوعها المعلومات الفنية المتعلقة بحياة الذباب وبأساليب نقله لمختلف أنواع الأمراض وطرق مكافحة هذا النقل والوقاية من ذلك&quot;</subfield>
	</datafield>
	<datafield ind1=" " ind2=" " tag="500">
		<subfield code="a">Part of the Arabic Collections Online (ACO) project, contributed by American University of Beirut's Jafet Memorial Library.</subfield>
	</datafield>
	<datafield ind1=" " ind2=" " tag="504">
		<subfield code="a">يتضمن مراجع ببليوغرافية في اول الكتاب.</subfield>
	</datafield>
	<datafield ind1=" " ind2=" " tag="533">
		<subfield code="a">Electronic reproduction.</subfield>
		<subfield code="b">New York, N.Y. :</subfield>
		<subfield code="c">New York University,</subfield>
		<subfield code="d">2018.</subfield>
		<subfield code="5">NNU</subfield>
	</datafield>
	<datafield ind1=" " ind2="4" tag="650">
		<subfield code="a">الحشرات</subfield>
		<subfield code="x">النواحي الدينية</subfield>
		<subfield code="x">الاسلام.</subfield>
	</datafield>
	<datafield ind1=" " ind2="4" tag="650">
		<subfield code="a">الذباب.</subfield>
	</datafield>
	<datafield ind1=" " ind2="4" tag="650">
		<subfield code="a">الحشرات الناقلة للعدوى.</subfield>
	</datafield>
	<datafield ind1=" " ind2="4" tag="650">
		<subfield code="a">الأمراض المعدية.</subfield>
	</datafield>
	<datafield ind1=" " ind2="0" tag="650">
		<subfield code="a">Insects</subfield>
		<subfield code="x">Religious aspects</subfield>
		<subfield code="z">Islam.</subfield>
	</datafield>
	<datafield ind1=" " ind2="0" tag="650">
		<subfield code="a">Flies.</subfield>
	</datafield>
	<datafield ind1=" " ind2="0" tag="650">
		<subfield code="a">Insects as carriers of disease.</subfield>
	</datafield>
	<datafield ind1=" " ind2="0" tag="650">
		<subfield code="a">Communicable diseases.</subfield>
	</datafield>
	<datafield ind1="2" ind2=" " tag="710">
		<subfield code="a">Jafet Memorial Library.</subfield>
	</datafield>
	<datafield ind1="0" ind2=" " tag="730">
		<subfield code="a">Arabic Collections Online.</subfield>
	</datafield>
	<datafield ind1="0" ind2="8" tag="776">
		<subfield code="i">Print version:</subfield>
		<subfield code="a">Shākir, Fā’iq, author.</subfield>
		<subfield code="t">‘Ālam al-dhubāb</subfield>
		<subfield code="w">(LeBAU)b12497733</subfield>
	</datafield>
	<datafield ind1="0" ind2=" " tag="787">
		<subfield code="6">880-05</subfield>
		<subfield code="i">is critiqued in (work):</subfield>
		<subfield code="t">‘Ālam al-dhubāb.</subfield>
		<subfield code="b">al-Ṭab‘ah al-ūlá</subfield>
		<subfield code="d">b12497708</subfield>
		<subfield code="d">b12497708</subfield>
		<subfield code="w">(OCoLC)784360501</subfield>
	</datafield>
	<datafield ind1="4" ind2="0" tag="856">
		<subfield code="u">http://hdl.handle.net/2333.1/c59zw94t</subfield>
	</datafield>
	<datafield ind1="1" ind2=" " tag="880">
		<subfield code="6">100-01/(3/r</subfield>
		<subfield code="a">شاكر، فائق،</subfield>
		<subfield code="e">مؤلف. </subfield>
		<subfield code="4">aut.</subfield>
	</datafield>
	<datafield ind1="1" ind2="0" tag="880">
		<subfield code="6">245-02/(3/r</subfield>
		<subfield code="a">عالم الذباب /</subfield>
		<subfield code="c">تأليف أمير اللواء الدكتور فائق شاكر، مدير الأمور الطبية للجيش العراقي، وزارة الدفاع، بغداد.</subfield>
	</datafield>
	<datafield ind1=" " ind2="1" tag="880">
		<subfield code="6">264-03/(3/r</subfield>
		<subfield code="a">بغداد :</subfield>
		<subfield code="b">مطبعة الجيش،</subfield>
		<subfield code="c">1943.</subfield>
	</datafield>
	<datafield ind1=" " ind2=" " tag="880">
		<subfield code="6">300-04/(3/r</subfield>
		<subfield code="a">أ-د، 88 صفحة ؛</subfield>
		<subfield code="c">21 سم</subfield>
	</datafield>
	<datafield ind1="0" ind2=" " tag="880">
		<subfield code="6">787-05/(3/r</subfield>
		<subfield code="i">منتقد في (عمل):</subfield>
		<subfield code="t">عالم الذباب.</subfield>
		<subfield code="b">الطبعة الأولى</subfield>
		<subfield code="d">Baghdād : Maṭba‘at al-Zamān, 1368 H. = 1947 M.</subfield>
		<subfield code="d">b12497708</subfield>
		<subfield code="w">(OCoLC)784360501</subfield>
	</datafield>
	<datafield ind1=" " ind2=" " tag="959">
		<subfield code="a">NNU</subfield>
		<subfield code="b">WEB</subfield>
		<subfield code="c">GENI</subfield>
		<subfield code="t">0</subfield>
		<subfield code="m">Electronic access</subfield>
		<subfield code="s">01</subfield>
	</datafield>
	<datafield ind1=" " ind2=" " tag="999">
		<subfield code="i">LeBAU_b12497733</subfield>
		<subfield code="s">aub_aco001592</subfield>
		<subfield code="e">(ERROR-MISC)</subfield>
	</datafield>
</record>
